%YAML 1.1
%TAG !u! tag:unity3d.com,2011:
--- !u!1 &77755690902744508
GameObject:
  m_ObjectHideFlags: 0
  m_CorrespondingSourceObject: {fileID: 0}
  m_PrefabInstance: {fileID: 0}
  m_PrefabAsset: {fileID: 0}
  serializedVersion: 6
  m_Component:
  - component: {fileID: 4399510957690732405}
  m_Layer: 0
  m_Name: mixamorig:RightHand
  m_TagString: Untagged
  m_Icon: {fileID: 0}
  m_NavMeshLayer: 0
  m_StaticEditorFlags: 0
  m_IsActive: 1
--- !u!4 &4399510957690732405
Transform:
  m_ObjectHideFlags: 0
  m_CorrespondingSourceObject: {fileID: 0}
  m_PrefabInstance: {fileID: 0}
  m_PrefabAsset: {fileID: 0}
  m_GameObject: {fileID: 77755690902744508}
  m_LocalRotation: {x: 0.13545492, y: -0.07421725, z: -0.08434192, w: 0.98439336}
  m_LocalPosition: {x: -0, y: 0.035390172, z: 0}
  m_LocalScale: {x: 1, y: 1, z: 1}
  m_Children:
  - {fileID: 6169586844693562907}
  - {fileID: 5873131616279057475}
  m_Father: {fileID: 515875235809178901}
  m_RootOrder: 0
  m_LocalEulerAnglesHint: {x: 0, y: 0, z: 0}
--- !u!1 &226154683521680048
GameObject:
  m_ObjectHideFlags: 0
  m_CorrespondingSourceObject: {fileID: 0}
  m_PrefabInstance: {fileID: 0}
  m_PrefabAsset: {fileID: 0}
  serializedVersion: 6
  m_Component:
  - component: {fileID: 373190145253982281}
  m_Layer: 0
  m_Name: mixamorig:LeftShoulder
  m_TagString: Untagged
  m_Icon: {fileID: 0}
  m_NavMeshLayer: 0
  m_StaticEditorFlags: 0
  m_IsActive: 1
--- !u!4 &373190145253982281
Transform:
  m_ObjectHideFlags: 0
  m_CorrespondingSourceObject: {fileID: 0}
  m_PrefabInstance: {fileID: 0}
  m_PrefabAsset: {fileID: 0}
  m_GameObject: {fileID: 226154683521680048}
  m_LocalRotation: {x: 0.54082894, y: -0.45374462, z: 0.5501314, w: 0.44606653}
  m_LocalPosition: {x: -0.013394288, y: 0.016937554, z: -0.00022840181}
  m_LocalScale: {x: 1, y: 1, z: 1}
  m_Children:
  - {fileID: 8423481569080415109}
  m_Father: {fileID: 2427287651814969554}
  m_RootOrder: 0
  m_LocalEulerAnglesHint: {x: 0, y: 0, z: 0}
--- !u!1 &901451699065795961
GameObject:
  m_ObjectHideFlags: 0
  m_CorrespondingSourceObject: {fileID: 0}
  m_PrefabInstance: {fileID: 0}
  m_PrefabAsset: {fileID: 0}
  serializedVersion: 6
  m_Component:
  - component: {fileID: 6630701141259759931}
  m_Layer: 0
  m_Name: mixamorig:HeadTop_End
  m_TagString: Untagged
  m_Icon: {fileID: 0}
  m_NavMeshLayer: 0
  m_StaticEditorFlags: 0
  m_IsActive: 1
--- !u!4 &6630701141259759931
Transform:
  m_ObjectHideFlags: 0
  m_CorrespondingSourceObject: {fileID: 0}
  m_PrefabInstance: {fileID: 0}
  m_PrefabAsset: {fileID: 0}
  m_GameObject: {fileID: 901451699065795961}
  m_LocalRotation: {x: 0, y: -0, z: -0, w: 1}
  m_LocalPosition: {x: -0, y: 0.04017954, z: 0.052078824}
  m_LocalScale: {x: 1, y: 1, z: 1}
  m_Children: []
  m_Father: {fileID: 8457114309695878613}
  m_RootOrder: 0
  m_LocalEulerAnglesHint: {x: 0, y: 0, z: 0}
--- !u!1 &1073569865873965757
GameObject:
  m_ObjectHideFlags: 0
  m_CorrespondingSourceObject: {fileID: 0}
  m_PrefabInstance: {fileID: 0}
  m_PrefabAsset: {fileID: 0}
  serializedVersion: 6
  m_Component:
  - component: {fileID: 5153593137334281824}
  m_Layer: 0
  m_Name: mixamorig:LeftLeg
  m_TagString: Untagged
  m_Icon: {fileID: 0}
  m_NavMeshLayer: 0
  m_StaticEditorFlags: 0
  m_IsActive: 1
--- !u!4 &5153593137334281824
Transform:
  m_ObjectHideFlags: 0
  m_CorrespondingSourceObject: {fileID: 0}
  m_PrefabInstance: {fileID: 0}
  m_PrefabAsset: {fileID: 0}
  m_GameObject: {fileID: 1073569865873965757}
  m_LocalRotation: {x: -0.05548624, y: -0.0032019077, z: 0.057521455, w: 0.9967961}
  m_LocalPosition: {x: -0, y: 0.039425045, z: 0}
  m_LocalScale: {x: 1, y: 1, z: 1}
  m_Children:
  - {fileID: 298098077505265292}
  m_Father: {fileID: 522408536583962302}
  m_RootOrder: 0
  m_LocalEulerAnglesHint: {x: 0, y: 0, z: 0}
--- !u!1 &1098483434699082384
GameObject:
  m_ObjectHideFlags: 0
  m_CorrespondingSourceObject: {fileID: 0}
  m_PrefabInstance: {fileID: 0}
  m_PrefabAsset: {fileID: 0}
  serializedVersion: 6
  m_Component:
  - component: {fileID: 522408536583962302}
  m_Layer: 0
  m_Name: mixamorig:LeftUpLeg
  m_TagString: Untagged
  m_Icon: {fileID: 0}
  m_NavMeshLayer: 0
  m_StaticEditorFlags: 0
  m_IsActive: 1
--- !u!4 &522408536583962302
Transform:
  m_ObjectHideFlags: 0
  m_CorrespondingSourceObject: {fileID: 0}
  m_PrefabInstance: {fileID: 0}
  m_PrefabAsset: {fileID: 0}
  m_GameObject: {fileID: 1098483434699082384}
  m_LocalRotation: {x: -0.0016145814, y: 0.016718183, z: 0.99522847, w: 0.09611556}
  m_LocalPosition: {x: -0.01618972, y: -0.0072261235, z: 0.00052416354}
  m_LocalScale: {x: 1, y: 1, z: 1}
  m_Children:
  - {fileID: 5153593137334281824}
  m_Father: {fileID: 8025824187916535746}
  m_RootOrder: 0
  m_LocalEulerAnglesHint: {x: 0, y: 0, z: 0}
--- !u!1 &1101491426800496633
GameObject:
  m_ObjectHideFlags: 0
  m_CorrespondingSourceObject: {fileID: 0}
  m_PrefabInstance: {fileID: 0}
  m_PrefabAsset: {fileID: 0}
  serializedVersion: 6
  m_Component:
  - component: {fileID: 1681030688145111222}
  m_Layer: 0
  m_Name: mixamorig:RightHandIndex2
  m_TagString: Untagged
  m_Icon: {fileID: 0}
  m_NavMeshLayer: 0
  m_StaticEditorFlags: 0
  m_IsActive: 1
--- !u!4 &1681030688145111222
Transform:
  m_ObjectHideFlags: 0
  m_CorrespondingSourceObject: {fileID: 0}
  m_PrefabInstance: {fileID: 0}
  m_PrefabAsset: {fileID: 0}
  m_GameObject: {fileID: 1101491426800496633}
  m_LocalRotation: {x: 0.052899517, y: 1.4682565e-18, z: 2.7716713e-17, w: 0.9985998}
  m_LocalPosition: {x: 0.00026052332, y: 0.008852975, z: 3.5527136e-17}
  m_LocalScale: {x: 1, y: 1, z: 1}
  m_Children:
  - {fileID: 7063579408423570431}
  m_Father: {fileID: 6169586844693562907}
  m_RootOrder: 0
  m_LocalEulerAnglesHint: {x: 0, y: 0, z: 0}
--- !u!1 &1330517919203169782
GameObject:
  m_ObjectHideFlags: 0
  m_CorrespondingSourceObject: {fileID: 0}
  m_PrefabInstance: {fileID: 0}
  m_PrefabAsset: {fileID: 0}
  serializedVersion: 6
  m_Component:
  - component: {fileID: 4786446008405065284}
  m_Layer: 0
  m_Name: mixamorig:LeftForeArm
  m_TagString: Untagged
  m_Icon: {fileID: 0}
  m_NavMeshLayer: 0
  m_StaticEditorFlags: 0
  m_IsActive: 1
--- !u!4 &4786446008405065284
Transform:
  m_ObjectHideFlags: 0
  m_CorrespondingSourceObject: {fileID: 0}
  m_PrefabInstance: {fileID: 0}
  m_PrefabAsset: {fileID: 0}
  m_GameObject: {fileID: 1330517919203169782}
  m_LocalRotation: {x: -0.019632706, y: 0.000980502, z: -0.049870465, w: 0.9985622}
  m_LocalPosition: {x: -0, y: 0.035173748, z: 0}
  m_LocalScale: {x: 1, y: 1, z: 1}
  m_Children:
  - {fileID: 9117533004478109054}
  m_Father: {fileID: 8423481569080415109}
  m_RootOrder: 0
  m_LocalEulerAnglesHint: {x: 0, y: 0, z: 0}
--- !u!1 &1395242540338771397
GameObject:
  m_ObjectHideFlags: 0
  m_CorrespondingSourceObject: {fileID: 0}
  m_PrefabInstance: {fileID: 0}
  m_PrefabAsset: {fileID: 0}
  serializedVersion: 6
  m_Component:
  - component: {fileID: 9140031897235823791}
  m_Layer: 0
  m_Name: mixamorig:Neck
  m_TagString: Untagged
  m_Icon: {fileID: 0}
  m_NavMeshLayer: 0
  m_StaticEditorFlags: 0
  m_IsActive: 1
--- !u!4 &9140031897235823791
Transform:
  m_ObjectHideFlags: 0
  m_CorrespondingSourceObject: {fileID: 0}
  m_PrefabInstance: {fileID: 0}
  m_PrefabAsset: {fileID: 0}
  m_GameObject: {fileID: 1395242540338771397}
  m_LocalRotation: {x: 0.04446682, y: -0, z: -0, w: 0.99901086}
  m_LocalPosition: {x: -0, y: 0.019532772, z: 0.0000000015631133}
  m_LocalScale: {x: 1, y: 1, z: 1}
  m_Children:
  - {fileID: 8457114309695878613}
  m_Father: {fileID: 2427287651814969554}
  m_RootOrder: 1
  m_LocalEulerAnglesHint: {x: 0, y: 0, z: 0}
--- !u!1 &1413308103257570209
GameObject:
  m_ObjectHideFlags: 0
  m_CorrespondingSourceObject: {fileID: 0}
  m_PrefabInstance: {fileID: 0}
  m_PrefabAsset: {fileID: 0}
  serializedVersion: 6
  m_Component:
  - component: {fileID: 2946091506815001635}
  m_Layer: 0
  m_Name: mixamorig:LeftHandIndex4
  m_TagString: Untagged
  m_Icon: {fileID: 0}
  m_NavMeshLayer: 0
  m_StaticEditorFlags: 0
  m_IsActive: 1
--- !u!4 &2946091506815001635
Transform:
  m_ObjectHideFlags: 0
  m_CorrespondingSourceObject: {fileID: 0}
  m_PrefabInstance: {fileID: 0}
  m_PrefabAsset: {fileID: 0}
  m_GameObject: {fileID: 1413308103257570209}
  m_LocalRotation: {x: 0, y: -0, z: -0, w: 1}
  m_LocalPosition: {x: 0.00052607706, y: 0.008657089, z: 0}
  m_LocalScale: {x: 1, y: 1, z: 1}
  m_Children: []
  m_Father: {fileID: 4802107574409076358}
  m_RootOrder: 0
  m_LocalEulerAnglesHint: {x: 0, y: 0, z: 0}
--- !u!1 &1615376602615521322
GameObject:
  m_ObjectHideFlags: 0
  m_CorrespondingSourceObject: {fileID: 0}
  m_PrefabInstance: {fileID: 0}
  m_PrefabAsset: {fileID: 0}
  serializedVersion: 6
  m_Component:
  - component: {fileID: 919335332229469717}
  m_Layer: 0
  m_Name: mixamorig:RightToeBase
  m_TagString: Untagged
  m_Icon: {fileID: 0}
  m_NavMeshLayer: 0
  m_StaticEditorFlags: 0
  m_IsActive: 1
--- !u!4 &919335332229469717
Transform:
  m_ObjectHideFlags: 0
  m_CorrespondingSourceObject: {fileID: 0}
  m_PrefabInstance: {fileID: 0}
  m_PrefabAsset: {fileID: 0}
  m_GameObject: {fileID: 1615376602615521322}
  m_LocalRotation: {x: 0.16577747, y: 0.0031945878, z: 0.019000068, w: 0.98597497}
  m_LocalPosition: {x: -0, y: 0.03862402, z: 0}
  m_LocalScale: {x: 1, y: 1, z: 1}
  m_Children:
  - {fileID: 5413317082615953079}
  m_Father: {fileID: 3227583711622031041}
  m_RootOrder: 0
  m_LocalEulerAnglesHint: {x: 0, y: 0, z: 0}
--- !u!1 &1626446858805801652
GameObject:
  m_ObjectHideFlags: 0
  m_CorrespondingSourceObject: {fileID: 0}
  m_PrefabInstance: {fileID: 0}
  m_PrefabAsset: {fileID: 0}
  serializedVersion: 6
  m_Component:
  - component: {fileID: 5383586230057804128}
  m_Layer: 0
  m_Name: mixamorig:RightHandIndex4
  m_TagString: Untagged
  m_Icon: {fileID: 0}
  m_NavMeshLayer: 0
  m_StaticEditorFlags: 0
  m_IsActive: 1
--- !u!4 &5383586230057804128
Transform:
  m_ObjectHideFlags: 0
  m_CorrespondingSourceObject: {fileID: 0}
  m_PrefabInstance: {fileID: 0}
  m_PrefabAsset: {fileID: 0}
  m_GameObject: {fileID: 1626446858805801652}
  m_LocalRotation: {x: 0, y: -0, z: -0, w: 1}
  m_LocalPosition: {x: -0.0006296458, y: 0.00857377, z: 0}
  m_LocalScale: {x: 1, y: 1, z: 1}
  m_Children: []
  m_Father: {fileID: 7063579408423570431}
  m_RootOrder: 0
  m_LocalEulerAnglesHint: {x: 0, y: 0, z: 0}
--- !u!1 &1810168471487803920
GameObject:
  m_ObjectHideFlags: 0
  m_CorrespondingSourceObject: {fileID: 0}
  m_PrefabInstance: {fileID: 0}
  m_PrefabAsset: {fileID: 0}
  serializedVersion: 6
  m_Component:
  - component: {fileID: 7063579408423570431}
  m_Layer: 0
  m_Name: mixamorig:RightHandIndex3
  m_TagString: Untagged
  m_Icon: {fileID: 0}
  m_NavMeshLayer: 0
  m_StaticEditorFlags: 0
  m_IsActive: 1
--- !u!4 &7063579408423570431
Transform:
  m_ObjectHideFlags: 0
  m_CorrespondingSourceObject: {fileID: 0}
  m_PrefabInstance: {fileID: 0}
  m_PrefabAsset: {fileID: 0}
  m_GameObject: {fileID: 1810168471487803920}
  m_LocalRotation: {x: 0.079247646, y: -2.199564e-18, z: -2.7668283e-17, w: 0.99685496}
  m_LocalPosition: {x: 0.00036912246, y: 0.008247613, z: 0}
  m_LocalScale: {x: 1, y: 1, z: 1}
  m_Children:
  - {fileID: 5383586230057804128}
  m_Father: {fileID: 1681030688145111222}
  m_RootOrder: 0
  m_LocalEulerAnglesHint: {x: 0, y: 0, z: 0}
--- !u!1 &1935103182850574705
GameObject:
  m_ObjectHideFlags: 0
  m_CorrespondingSourceObject: {fileID: 0}
  m_PrefabInstance: {fileID: 0}
  m_PrefabAsset: {fileID: 0}
  serializedVersion: 6
  m_Component:
  - component: {fileID: 9117533004478109054}
  m_Layer: 0
  m_Name: mixamorig:LeftHand
  m_TagString: Untagged
  m_Icon: {fileID: 0}
  m_NavMeshLayer: 0
  m_StaticEditorFlags: 0
  m_IsActive: 1
--- !u!4 &9117533004478109054
Transform:
  m_ObjectHideFlags: 0
  m_CorrespondingSourceObject: {fileID: 0}
  m_PrefabInstance: {fileID: 0}
  m_PrefabAsset: {fileID: 0}
  m_GameObject: {fileID: 1935103182850574705}
  m_LocalRotation: {x: 0.1430328, y: 0.07010132, z: 0.08124722, w: 0.9838833}
  m_LocalPosition: {x: -1.110223e-18, y: 0.03537908, z: 1.7763568e-17}
  m_LocalScale: {x: 1, y: 1, z: 1}
  m_Children:
  - {fileID: 3948623441140091729}
  - {fileID: 7112783905777700075}
  m_Father: {fileID: 4786446008405065284}
  m_RootOrder: 0
  m_LocalEulerAnglesHint: {x: 0, y: 0, z: 0}
--- !u!1 &1988952788377280352
GameObject:
  m_ObjectHideFlags: 0
  m_CorrespondingSourceObject: {fileID: 0}
  m_PrefabInstance: {fileID: 0}
  m_PrefabAsset: {fileID: 0}
  serializedVersion: 6
  m_Component:
  - component: {fileID: 3948623441140091729}
  m_Layer: 0
  m_Name: mixamorig:LeftHandIndex1
  m_TagString: Untagged
  m_Icon: {fileID: 0}
  m_NavMeshLayer: 0
  m_StaticEditorFlags: 0
  m_IsActive: 1
--- !u!4 &3948623441140091729
Transform:
  m_ObjectHideFlags: 0
  m_CorrespondingSourceObject: {fileID: 0}
  m_PrefabInstance: {fileID: 0}
  m_PrefabAsset: {fileID: 0}
  m_GameObject: {fileID: 1988952788377280352}
  m_LocalRotation: {x: 0.22044371, y: -0.023336405, z: -0.10265369, w: 0.9697021}
  m_LocalPosition: {x: 8.881784e-18, y: 0.024735222, z: -0.0000000048179234}
  m_LocalScale: {x: 1, y: 1, z: 1}
  m_Children:
  - {fileID: 5683010329175895285}
  m_Father: {fileID: 9117533004478109054}
  m_RootOrder: 0
  m_LocalEulerAnglesHint: {x: 0, y: 0, z: 0}
--- !u!1 &2138196272783011212
GameObject:
  m_ObjectHideFlags: 0
  m_CorrespondingSourceObject: {fileID: 0}
  m_PrefabInstance: {fileID: 0}
  m_PrefabAsset: {fileID: 0}
  serializedVersion: 6
  m_Component:
  - component: {fileID: 3092434713520463115}
  m_Layer: 0
  m_Name: mixamorig:LeftHandThumb3
  m_TagString: Untagged
  m_Icon: {fileID: 0}
  m_NavMeshLayer: 0
  m_StaticEditorFlags: 0
  m_IsActive: 1
--- !u!4 &3092434713520463115
Transform:
  m_ObjectHideFlags: 0
  m_CorrespondingSourceObject: {fileID: 0}
  m_PrefabInstance: {fileID: 0}
  m_PrefabAsset: {fileID: 0}
  m_GameObject: {fileID: 2138196272783011212}
  m_LocalRotation: {x: 0.069541834, y: 4.153257e-17, z: -2.8952606e-18, w: 0.99757904}
  m_LocalPosition: {x: 0.0004386592, y: 0.009472348, z: 0}
  m_LocalScale: {x: 1, y: 1, z: 1}
  m_Children:
  - {fileID: 874289273123205286}
  m_Father: {fileID: 319653161942688103}
  m_RootOrder: 0
  m_LocalEulerAnglesHint: {x: 0, y: 0, z: 0}
--- !u!1 &2195027120031334932
GameObject:
  m_ObjectHideFlags: 0
  m_CorrespondingSourceObject: {fileID: 0}
  m_PrefabInstance: {fileID: 0}
  m_PrefabAsset: {fileID: 0}
  serializedVersion: 6
  m_Component:
  - component: {fileID: 4572746239287652775}
  m_Layer: 0
  m_Name: mixamorig:RightHandThumb3
  m_TagString: Untagged
  m_Icon: {fileID: 0}
  m_NavMeshLayer: 0
  m_StaticEditorFlags: 0
  m_IsActive: 1
--- !u!4 &4572746239287652775
Transform:
  m_ObjectHideFlags: 0
  m_CorrespondingSourceObject: {fileID: 0}
  m_PrefabInstance: {fileID: 0}
  m_PrefabAsset: {fileID: 0}
  m_GameObject: {fileID: 2195027120031334932}
  m_LocalRotation: {x: 0.057434727, y: 3.9970505e-17, z: -3.010096e-17, w: 0.99834925}
  m_LocalPosition: {x: -0.00035573918, y: 0.009497789, z: 3.5527136e-17}
  m_LocalScale: {x: 1, y: 1, z: 1}
  m_Children:
  - {fileID: 2880779566616454133}
  m_Father: {fileID: 6291996986198898720}
  m_RootOrder: 0
  m_LocalEulerAnglesHint: {x: 0, y: 0, z: 0}
--- !u!1 &2637713223015075396
GameObject:
  m_ObjectHideFlags: 0
  m_CorrespondingSourceObject: {fileID: 0}
  m_PrefabInstance: {fileID: 0}
  m_PrefabAsset: {fileID: 0}
  serializedVersion: 6
  m_Component:
  - component: {fileID: 5082087864538298656}
  m_Layer: 0
  m_Name: mixamorig:RightShoulder
  m_TagString: Untagged
  m_Icon: {fileID: 0}
  m_NavMeshLayer: 0
  m_StaticEditorFlags: 0
  m_IsActive: 1
--- !u!4 &5082087864538298656
Transform:
  m_ObjectHideFlags: 0
  m_CorrespondingSourceObject: {fileID: 0}
  m_PrefabInstance: {fileID: 0}
  m_PrefabAsset: {fileID: 0}
  m_GameObject: {fileID: 2637713223015075396}
  m_LocalRotation: {x: -0.54069406, y: -0.45385766, z: 0.5502455, w: -0.44597426}
  m_LocalPosition: {x: 0.013394288, y: 0.016938102, z: -0.00023452505}
  m_LocalScale: {x: 1, y: 1, z: 1}
  m_Children:
  - {fileID: 8646390038218809272}
  m_Father: {fileID: 2427287651814969554}
  m_RootOrder: 2
  m_LocalEulerAnglesHint: {x: 0, y: 0, z: 0}
--- !u!1 &2784558663386956539
GameObject:
  m_ObjectHideFlags: 0
  m_CorrespondingSourceObject: {fileID: 0}
  m_PrefabInstance: {fileID: 0}
  m_PrefabAsset: {fileID: 0}
  serializedVersion: 6
  m_Component:
  - component: {fileID: 8646390038218809272}
  m_Layer: 0
  m_Name: mixamorig:RightArm
  m_TagString: Untagged
  m_Icon: {fileID: 0}
  m_NavMeshLayer: 0
  m_StaticEditorFlags: 0
  m_IsActive: 1
--- !u!4 &8646390038218809272
Transform:
  m_ObjectHideFlags: 0
  m_CorrespondingSourceObject: {fileID: 0}
  m_PrefabInstance: {fileID: 0}
  m_PrefabAsset: {fileID: 0}
  m_GameObject: {fileID: 2784558663386956539}
  m_LocalRotation: {x: -0.0061207865, y: 0.00007357707, z: -0.012019758, w: 0.99990904}
  m_LocalPosition: {x: -0, y: 0.027329566, z: 0}
  m_LocalScale: {x: 1, y: 1, z: 1}
  m_Children:
  - {fileID: 515875235809178901}
  m_Father: {fileID: 5082087864538298656}
  m_RootOrder: 0
  m_LocalEulerAnglesHint: {x: 0, y: 0, z: 0}
--- !u!1 &2916915235031809516
GameObject:
  m_ObjectHideFlags: 0
  m_CorrespondingSourceObject: {fileID: 0}
  m_PrefabInstance: {fileID: 0}
  m_PrefabAsset: {fileID: 0}
  serializedVersion: 6
  m_Component:
  - component: {fileID: 2535850255678613334}
  - component: {fileID: 2646884176241303634}
  m_Layer: 0
  m_Name: Rat
  m_TagString: Untagged
  m_Icon: {fileID: 0}
  m_NavMeshLayer: 0
  m_StaticEditorFlags: 0
  m_IsActive: 1
--- !u!4 &2535850255678613334
Transform:
  m_ObjectHideFlags: 0
  m_CorrespondingSourceObject: {fileID: 0}
  m_PrefabInstance: {fileID: 0}
  m_PrefabAsset: {fileID: 0}
  m_GameObject: {fileID: 2916915235031809516}
  m_LocalRotation: {x: 0, y: 0, z: 0, w: 1}
  m_LocalPosition: {x: -1.44, y: 0, z: 0}
  m_LocalScale: {x: 8.276496, y: 8.276496, z: 8.276496}
  m_Children:
  - {fileID: 8025824187916535746}
  - {fileID: 4421211162676658093}
  m_Father: {fileID: 0}
  m_RootOrder: 0
  m_LocalEulerAnglesHint: {x: 0, y: 0, z: 0}
--- !u!95 &2646884176241303634
Animator:
  serializedVersion: 3
  m_ObjectHideFlags: 0
  m_CorrespondingSourceObject: {fileID: 0}
  m_PrefabInstance: {fileID: 0}
  m_PrefabAsset: {fileID: 0}
  m_GameObject: {fileID: 2916915235031809516}
  m_Enabled: 1
  m_Avatar: {fileID: 0}
  m_Controller: {fileID: 9100000, guid: 8e22f5b538dbd8f45a856f9eee4f35be, type: 2}
  m_CullingMode: 0
  m_UpdateMode: 0
  m_ApplyRootMotion: 0
  m_LinearVelocityBlending: 0
  m_WarningMessage: 
  m_HasTransformHierarchy: 1
  m_AllowConstantClipSamplingOptimization: 1
  m_KeepAnimatorControllerStateOnDisable: 0
--- !u!1 &2977745820880508702
GameObject:
  m_ObjectHideFlags: 0
  m_CorrespondingSourceObject: {fileID: 0}
  m_PrefabInstance: {fileID: 0}
  m_PrefabAsset: {fileID: 0}
  serializedVersion: 6
  m_Component:
  - component: {fileID: 7371465145489436866}
  - component: {fileID: 778272715977639018}
  - component: {fileID: 2646884174944342395}
  - component: {fileID: 2646884174944342373}
  m_Layer: 0
  m_Name: RatTail
  m_TagString: Untagged
  m_Icon: {fileID: 0}
  m_NavMeshLayer: 0
  m_StaticEditorFlags: 0
  m_IsActive: 1
--- !u!4 &7371465145489436866
Transform:
  m_ObjectHideFlags: 0
  m_CorrespondingSourceObject: {fileID: 0}
  m_PrefabInstance: {fileID: 0}
  m_PrefabAsset: {fileID: 0}
  m_GameObject: {fileID: 2977745820880508702}
  m_LocalRotation: {x: 0, y: -0, z: -0, w: 1}
  m_LocalPosition: {x: -0, y: -0.09962089, z: -0.0048908964}
  m_LocalScale: {x: 1, y: 1, z: 1}
  m_Children: []
  m_Father: {fileID: 8025824187916535746}
  m_RootOrder: 3
  m_LocalEulerAnglesHint: {x: 0, y: 0, z: 0}
--- !u!33 &778272715977639018
MeshFilter:
  m_ObjectHideFlags: 0
  m_CorrespondingSourceObject: {fileID: 0}
  m_PrefabInstance: {fileID: 0}
  m_PrefabAsset: {fileID: 0}
  m_GameObject: {fileID: 2977745820880508702}
  m_Mesh: {fileID: 1384316364180383157, guid: 5e3a08858dddf1540a94058312ccf9be, type: 3}
--- !u!183 &2646884174944342395
Cloth:
  m_ObjectHideFlags: 0
  m_CorrespondingSourceObject: {fileID: 0}
  m_PrefabInstance: {fileID: 0}
  m_PrefabAsset: {fileID: 0}
  m_GameObject: {fileID: 2977745820880508702}
  m_Enabled: 1
  m_StretchingStiffness: 1
  m_BendingStiffness: 0.94
  m_UseTethers: 1
  m_UseGravity: 0
  m_Damping: 0.32
  m_ExternalAcceleration: {x: 0, y: 0, z: 0}
  m_RandomAcceleration: {x: 0, y: 0, z: 0}
  m_WorldVelocityScale: 0.22
  m_WorldAccelerationScale: 1
  m_Friction: 0.5
  m_CollisionMassScale: 0
  m_UseContinuousCollision: 1
  m_UseVirtualParticles: 1
  m_SolverFrequency: 120
  m_SleepThreshold: 0.1
  m_Coefficients:
  - maxDistance: 1
    collisionSphereDistance: 3.4028235e+38
  - maxDistance: 1
    collisionSphereDistance: 3.4028235e+38
  - maxDistance: 1
    collisionSphereDistance: 3.4028235e+38
  - maxDistance: 1
    collisionSphereDistance: 3.4028235e+38
  - maxDistance: 1
    collisionSphereDistance: 3.4028235e+38
  - maxDistance: 1
    collisionSphereDistance: 3.4028235e+38
  - maxDistance: 1
    collisionSphereDistance: 3.4028235e+38
  - maxDistance: 1
    collisionSphereDistance: 3.4028235e+38
  - maxDistance: 1
    collisionSphereDistance: 3.4028235e+38
  - maxDistance: 1
    collisionSphereDistance: 3.4028235e+38
  - maxDistance: 1
    collisionSphereDistance: 3.4028235e+38
  - maxDistance: 1
    collisionSphereDistance: 3.4028235e+38
  - maxDistance: 1
    collisionSphereDistance: 3.4028235e+38
  - maxDistance: 3.4028235e+38
    collisionSphereDistance: 3.4028235e+38
  - maxDistance: 3.4028235e+38
    collisionSphereDistance: 3.4028235e+38
  - maxDistance: 1
    collisionSphereDistance: 3.4028235e+38
  - maxDistance: 1
    collisionSphereDistance: 3.4028235e+38
  - maxDistance: 1
    collisionSphereDistance: 3.4028235e+38
  - maxDistance: 1
    collisionSphereDistance: 3.4028235e+38
  - maxDistance: 1
    collisionSphereDistance: 3.4028235e+38
  - maxDistance: 1
    collisionSphereDistance: 3.4028235e+38
  - maxDistance: 1
    collisionSphereDistance: 3.4028235e+38
  - maxDistance: 1
    collisionSphereDistance: 3.4028235e+38
  - maxDistance: 1
    collisionSphereDistance: 3.4028235e+38
  - maxDistance: 1
    collisionSphereDistance: 3.4028235e+38
  - maxDistance: 1
    collisionSphereDistance: 3.4028235e+38
  - maxDistance: 1
    collisionSphereDistance: 3.4028235e+38
  - maxDistance: 1
    collisionSphereDistance: 3.4028235e+38
  - maxDistance: 1
    collisionSphereDistance: 3.4028235e+38
  - maxDistance: 1
    collisionSphereDistance: 3.4028235e+38
  - maxDistance: 1
    collisionSphereDistance: 3.4028235e+38
  - maxDistance: 1
    collisionSphereDistance: 3.4028235e+38
  - maxDistance: 1
    collisionSphereDistance: 3.4028235e+38
  - maxDistance: 1
    collisionSphereDistance: 3.4028235e+38
  - maxDistance: 1
    collisionSphereDistance: 3.4028235e+38
  - maxDistance: 1
    collisionSphereDistance: 3.4028235e+38
  - maxDistance: 0
    collisionSphereDistance: 3.4028235e+38
  - maxDistance: 1
    collisionSphereDistance: 3.4028235e+38
  - maxDistance: 3.4028235e+38
    collisionSphereDistance: 3.4028235e+38
  - maxDistance: 0
    collisionSphereDistance: 3.4028235e+38
  - maxDistance: 3.4028235e+38
    collisionSphereDistance: 3.4028235e+38
  - maxDistance: 0
    collisionSphereDistance: 3.4028235e+38
  - maxDistance: 1
    collisionSphereDistance: 3.4028235e+38
  - maxDistance: 1
    collisionSphereDistance: 3.4028235e+38
  - maxDistance: 1
    collisionSphereDistance: 3.4028235e+38
  - maxDistance: 1
    collisionSphereDistance: 3.4028235e+38
  - maxDistance: 1
    collisionSphereDistance: 3.4028235e+38
  - maxDistance: 1
    collisionSphereDistance: 3.4028235e+38
  - maxDistance: 1
    collisionSphereDistance: 3.4028235e+38
  - maxDistance: 1
    collisionSphereDistance: 3.4028235e+38
  - maxDistance: 1
    collisionSphereDistance: 3.4028235e+38
  - maxDistance: 1
    collisionSphereDistance: 3.4028235e+38
  - maxDistance: 1
    collisionSphereDistance: 3.4028235e+38
  - maxDistance: 1
    collisionSphereDistance: 3.4028235e+38
  - maxDistance: 1
    collisionSphereDistance: 3.4028235e+38
  - maxDistance: 1
    collisionSphereDistance: 3.4028235e+38
  - maxDistance: 1
    collisionSphereDistance: 3.4028235e+38
  - maxDistance: 1
    collisionSphereDistance: 3.4028235e+38
  - maxDistance: 1
    collisionSphereDistance: 3.4028235e+38
  - maxDistance: 1
    collisionSphereDistance: 3.4028235e+38
  - maxDistance: 1
    collisionSphereDistance: 3.4028235e+38
  - maxDistance: 1
    collisionSphereDistance: 3.4028235e+38
  - maxDistance: 1
    collisionSphereDistance: 3.4028235e+38
  - maxDistance: 1
    collisionSphereDistance: 3.4028235e+38
  - maxDistance: 1
    collisionSphereDistance: 3.4028235e+38
  - maxDistance: 0
    collisionSphereDistance: 3.4028235e+38
  - maxDistance: 0
    collisionSphereDistance: 3.4028235e+38
  - maxDistance: 0
    collisionSphereDistance: 3.4028235e+38
  - maxDistance: 0
    collisionSphereDistance: 3.4028235e+38
  - maxDistance: 0
    collisionSphereDistance: 3.4028235e+38
  - maxDistance: 0
    collisionSphereDistance: 3.4028235e+38
  - maxDistance: 0
    collisionSphereDistance: 3.4028235e+38
  - maxDistance: 0
    collisionSphereDistance: 3.4028235e+38
  - maxDistance: 0
    collisionSphereDistance: 3.4028235e+38
  - maxDistance: 3.4028235e+38
    collisionSphereDistance: 3.4028235e+38
  - maxDistance: 0
    collisionSphereDistance: 3.4028235e+38
  - maxDistance: 3.4028235e+38
    collisionSphereDistance: 3.4028235e+38
  - maxDistance: 3.4028235e+38
    collisionSphereDistance: 3.4028235e+38
  - maxDistance: 1
    collisionSphereDistance: 3.4028235e+38
  - maxDistance: 1
    collisionSphereDistance: 3.4028235e+38
  - maxDistance: 1
    collisionSphereDistance: 3.4028235e+38
  - maxDistance: 3.4028235e+38
    collisionSphereDistance: 3.4028235e+38
  - maxDistance: 1
    collisionSphereDistance: 3.4028235e+38
  - maxDistance: 1
    collisionSphereDistance: 3.4028235e+38
  - maxDistance: 3.4028235e+38
    collisionSphereDistance: 3.4028235e+38
  - maxDistance: 1
    collisionSphereDistance: 3.4028235e+38
  - maxDistance: 1
    collisionSphereDistance: 3.4028235e+38
  - maxDistance: 1
    collisionSphereDistance: 3.4028235e+38
  - maxDistance: 1
    collisionSphereDistance: 3.4028235e+38
  - maxDistance: 1
    collisionSphereDistance: 3.4028235e+38
  - maxDistance: 1
    collisionSphereDistance: 3.4028235e+38
  - maxDistance: 1
    collisionSphereDistance: 3.4028235e+38
  - maxDistance: 1
    collisionSphereDistance: 3.4028235e+38
  - maxDistance: 1
    collisionSphereDistance: 3.4028235e+38
  - maxDistance: 1
    collisionSphereDistance: 3.4028235e+38
  - maxDistance: 1
    collisionSphereDistance: 3.4028235e+38
  - maxDistance: 1
    collisionSphereDistance: 3.4028235e+38
  - maxDistance: 1
    collisionSphereDistance: 3.4028235e+38
  - maxDistance: 1
    collisionSphereDistance: 3.4028235e+38
  - maxDistance: 1
    collisionSphereDistance: 3.4028235e+38
  - maxDistance: 1
    collisionSphereDistance: 3.4028235e+38
  - maxDistance: 1
    collisionSphereDistance: 3.4028235e+38
  - maxDistance: 1
    collisionSphereDistance: 3.4028235e+38
  - maxDistance: 1
    collisionSphereDistance: 3.4028235e+38
  - maxDistance: 1
    collisionSphereDistance: 3.4028235e+38
  - maxDistance: 1
    collisionSphereDistance: 3.4028235e+38
  - maxDistance: 1
    collisionSphereDistance: 3.4028235e+38
  - maxDistance: 1
    collisionSphereDistance: 3.4028235e+38
  - maxDistance: 1
    collisionSphereDistance: 3.4028235e+38
  - maxDistance: 1
    collisionSphereDistance: 3.4028235e+38
  - maxDistance: 1
    collisionSphereDistance: 3.4028235e+38
  - maxDistance: 1
    collisionSphereDistance: 3.4028235e+38
  - maxDistance: 1
    collisionSphereDistance: 3.4028235e+38
  - maxDistance: 1
    collisionSphereDistance: 3.4028235e+38
  - maxDistance: 1
    collisionSphereDistance: 3.4028235e+38
  - maxDistance: 1
    collisionSphereDistance: 3.4028235e+38
  - maxDistance: 1
    collisionSphereDistance: 3.4028235e+38
  - maxDistance: 1
    collisionSphereDistance: 3.4028235e+38
  - maxDistance: 1
    collisionSphereDistance: 3.4028235e+38
  - maxDistance: 1
    collisionSphereDistance: 3.4028235e+38
  - maxDistance: 3.4028235e+38
    collisionSphereDistance: 3.4028235e+38
  - maxDistance: 3.4028235e+38
    collisionSphereDistance: 3.4028235e+38
  - maxDistance: 3.4028235e+38
    collisionSphereDistance: 3.4028235e+38
  m_CapsuleColliders: []
  m_SphereColliders: []
  m_SelfCollisionDistance: 0
  m_SelfCollisionStiffness: 0.2
  m_SelfAndInterCollisionIndices: 
  m_VirtualParticleWeights:
  - {x: 0.33333334, y: 0.33333334, z: 0.33333334}
  - {x: 0.6666667, y: 0.16666667, z: 0.16666667}
  - {x: 0.5, y: 0.5, z: 0}
  m_VirtualParticleIndices: 
--- !u!137 &2646884174944342373
SkinnedMeshRenderer:
  m_ObjectHideFlags: 0
  m_CorrespondingSourceObject: {fileID: 0}
  m_PrefabInstance: {fileID: 0}
  m_PrefabAsset: {fileID: 0}
  m_GameObject: {fileID: 2977745820880508702}
  m_Enabled: 1
  m_CastShadows: 1
  m_ReceiveShadows: 1
  m_DynamicOccludee: 1
  m_MotionVectors: 1
  m_LightProbeUsage: 1
  m_ReflectionProbeUsage: 1
  m_RayTracingMode: 0
  m_RenderingLayerMask: 1
  m_RendererPriority: 0
  m_Materials:
  - {fileID: 2100000, guid: 50e1f5cc36eea8440a52d0e05ce16fa3, type: 2}
  m_StaticBatchInfo:
    firstSubMesh: 0
    subMeshCount: 0
  m_StaticBatchRoot: {fileID: 0}
  m_ProbeAnchor: {fileID: 0}
  m_LightProbeVolumeOverride: {fileID: 0}
  m_ScaleInLightmap: 1
  m_ReceiveGI: 1
  m_PreserveUVs: 0
  m_IgnoreNormalsForChartDetection: 0
  m_ImportantGI: 0
  m_StitchLightmapSeams: 1
  m_SelectedEditorRenderState: 3
  m_MinimumChartSize: 4
  m_AutoUVMaxDistance: 0.5
  m_AutoUVMaxAngle: 89
  m_LightmapParameters: {fileID: 0}
  m_SortingLayerID: 0
  m_SortingLayer: 0
  m_SortingOrder: 0
  serializedVersion: 2
  m_Quality: 1
  m_UpdateWhenOffscreen: 0
  m_SkinnedMotionVectors: 1
  m_Mesh: {fileID: 1384316364180383157, guid: 5e3a08858dddf1540a94058312ccf9be, type: 3}
  m_Bones: []
  m_BlendShapeWeights: []
  m_RootBone: {fileID: 7371465145489436866}
  m_AABB:
    m_Center: {x: -0.000092327595, y: 0.44788235, z: -0.66402435}
    m_Extent: {x: 0.041997574, y: 0.27559924, z: 0.58447516}
  m_DirtyAABB: 0
--- !u!1 &3086639046450735560
GameObject:
  m_ObjectHideFlags: 0
  m_CorrespondingSourceObject: {fileID: 0}
  m_PrefabInstance: {fileID: 0}
  m_PrefabAsset: {fileID: 0}
  serializedVersion: 6
  m_Component:
  - component: {fileID: 2880779566616454133}
  m_Layer: 0
  m_Name: mixamorig:RightHandThumb4
  m_TagString: Untagged
  m_Icon: {fileID: 0}
  m_NavMeshLayer: 0
  m_StaticEditorFlags: 0
  m_IsActive: 1
--- !u!4 &2880779566616454133
Transform:
  m_ObjectHideFlags: 0
  m_CorrespondingSourceObject: {fileID: 0}
  m_PrefabInstance: {fileID: 0}
  m_PrefabAsset: {fileID: 0}
  m_GameObject: {fileID: 3086639046450735560}
  m_LocalRotation: {x: 0, y: -0, z: -0, w: 1}
  m_LocalPosition: {x: 0.000869977, y: 0.009311208, z: -3.5527136e-17}
  m_LocalScale: {x: 1, y: 1, z: 1}
  m_Children: []
  m_Father: {fileID: 4572746239287652775}
  m_RootOrder: 0
  m_LocalEulerAnglesHint: {x: 0, y: 0, z: 0}
--- !u!1 &3152132431820037815
GameObject:
  m_ObjectHideFlags: 0
  m_CorrespondingSourceObject: {fileID: 0}
  m_PrefabInstance: {fileID: 0}
  m_PrefabAsset: {fileID: 0}
  serializedVersion: 6
  m_Component:
  - component: {fileID: 8025824187916535746}
  m_Layer: 0
  m_Name: mixamorig:Hips
  m_TagString: Untagged
  m_Icon: {fileID: 0}
  m_NavMeshLayer: 0
  m_StaticEditorFlags: 0
  m_IsActive: 1
--- !u!4 &8025824187916535746
Transform:
  m_ObjectHideFlags: 0
  m_CorrespondingSourceObject: {fileID: 0}
  m_PrefabInstance: {fileID: 0}
  m_PrefabAsset: {fileID: 0}
  m_GameObject: {fileID: 3152132431820037815}
  m_LocalRotation: {x: 0, y: -0, z: -0, w: 1}
  m_LocalPosition: {x: -0, y: 0.09962089, z: 0.0048908964}
  m_LocalScale: {x: 1, y: 1, z: 1}
  m_Children:
  - {fileID: 522408536583962302}
  - {fileID: 6189323910327267581}
  - {fileID: 7712851162714256465}
  - {fileID: 7371465145489436866}
  m_Father: {fileID: 2535850255678613334}
  m_RootOrder: 0
  m_LocalEulerAnglesHint: {x: 0, y: 0, z: 0}
--- !u!1 &3531649819491904518
GameObject:
  m_ObjectHideFlags: 0
  m_CorrespondingSourceObject: {fileID: 0}
  m_PrefabInstance: {fileID: 0}
  m_PrefabAsset: {fileID: 0}
  serializedVersion: 6
  m_Component:
  - component: {fileID: 7712851162714256465}
  m_Layer: 0
  m_Name: mixamorig:Spine
  m_TagString: Untagged
  m_Icon: {fileID: 0}
  m_NavMeshLayer: 0
  m_StaticEditorFlags: 0
  m_IsActive: 1
--- !u!4 &7712851162714256465
Transform:
  m_ObjectHideFlags: 0
  m_CorrespondingSourceObject: {fileID: 0}
  m_PrefabInstance: {fileID: 0}
  m_PrefabAsset: {fileID: 0}
  m_GameObject: {fileID: 3531649819491904518}
  m_LocalRotation: {x: -0.044466764, y: 0, z: -0, w: 0.9990109}
  m_LocalPosition: {x: -0, y: 0.012970352, z: -0.0011569342}
  m_LocalScale: {x: 1, y: 1, z: 1}
  m_Children:
  - {fileID: 3752678502564307129}
  m_Father: {fileID: 8025824187916535746}
  m_RootOrder: 2
  m_LocalEulerAnglesHint: {x: 0, y: 0, z: 0}
--- !u!1 &3773857792943680905
GameObject:
  m_ObjectHideFlags: 0
  m_CorrespondingSourceObject: {fileID: 0}
  m_PrefabInstance: {fileID: 0}
  m_PrefabAsset: {fileID: 0}
  serializedVersion: 6
  m_Component:
  - component: {fileID: 4802107574409076358}
  m_Layer: 0
  m_Name: mixamorig:LeftHandIndex3
  m_TagString: Untagged
  m_Icon: {fileID: 0}
  m_NavMeshLayer: 0
  m_StaticEditorFlags: 0
  m_IsActive: 1
--- !u!4 &4802107574409076358
Transform:
  m_ObjectHideFlags: 0
  m_CorrespondingSourceObject: {fileID: 0}
  m_PrefabInstance: {fileID: 0}
  m_PrefabAsset: {fileID: 0}
  m_GameObject: {fileID: 3773857792943680905}
  m_LocalRotation: {x: 0.114877924, y: 6.892956e-18, z: -7.9712573e-19, w: 0.99337965}
  m_LocalPosition: {x: -0.0002911301, y: 0.007980082, z: 0}
  m_LocalScale: {x: 1, y: 1, z: 1}
  m_Children:
  - {fileID: 2946091506815001635}
  m_Father: {fileID: 5683010329175895285}
  m_RootOrder: 0
  m_LocalEulerAnglesHint: {x: 0, y: 0, z: 0}
--- !u!1 &3904320047752984400
GameObject:
  m_ObjectHideFlags: 0
  m_CorrespondingSourceObject: {fileID: 0}
  m_PrefabInstance: {fileID: 0}
  m_PrefabAsset: {fileID: 0}
  serializedVersion: 6
  m_Component:
  - component: {fileID: 9022682693207257107}
  m_Layer: 0
  m_Name: mixamorig:LeftToeBase
  m_TagString: Untagged
  m_Icon: {fileID: 0}
  m_NavMeshLayer: 0
  m_StaticEditorFlags: 0
  m_IsActive: 1
--- !u!4 &9022682693207257107
Transform:
  m_ObjectHideFlags: 0
  m_CorrespondingSourceObject: {fileID: 0}
  m_PrefabInstance: {fileID: 0}
  m_PrefabAsset: {fileID: 0}
  m_GameObject: {fileID: 3904320047752984400}
  m_LocalRotation: {x: 0.16194119, y: -0.003428327, z: -0.020885956, w: 0.98657346}
  m_LocalPosition: {x: -0, y: 0.039456498, z: 2.220446e-18}
  m_LocalScale: {x: 1, y: 1, z: 1}
  m_Children:
  - {fileID: 2063222137340835269}
  m_Father: {fileID: 298098077505265292}
  m_RootOrder: 0
  m_LocalEulerAnglesHint: {x: 0, y: 0, z: 0}
--- !u!1 &4423308975644639954
GameObject:
  m_ObjectHideFlags: 0
  m_CorrespondingSourceObject: {fileID: 0}
  m_PrefabInstance: {fileID: 0}
  m_PrefabAsset: {fileID: 0}
  serializedVersion: 6
  m_Component:
  - component: {fileID: 6169586844693562907}
  m_Layer: 0
  m_Name: mixamorig:RightHandIndex1
  m_TagString: Untagged
  m_Icon: {fileID: 0}
  m_NavMeshLayer: 0
  m_StaticEditorFlags: 0
  m_IsActive: 1
--- !u!4 &6169586844693562907
Transform:
  m_ObjectHideFlags: 0
  m_CorrespondingSourceObject: {fileID: 0}
  m_PrefabInstance: {fileID: 0}
  m_PrefabAsset: {fileID: 0}
  m_GameObject: {fileID: 4423308975644639954}
  m_LocalRotation: {x: 0.22432783, y: 0.022019347, z: 0.09517352, w: 0.9696052}
  m_LocalPosition: {x: -0, y: 0.02403661, z: 0.0000000055235025}
  m_LocalScale: {x: 1, y: 1, z: 1}
  m_Children:
  - {fileID: 1681030688145111222}
  m_Father: {fileID: 4399510957690732405}
  m_RootOrder: 0
  m_LocalEulerAnglesHint: {x: 0, y: 0, z: 0}
--- !u!1 &4795148852562568477
GameObject:
  m_ObjectHideFlags: 0
  m_CorrespondingSourceObject: {fileID: 0}
  m_PrefabInstance: {fileID: 0}
  m_PrefabAsset: {fileID: 0}
  serializedVersion: 6
  m_Component:
  - component: {fileID: 319653161942688103}
  m_Layer: 0
  m_Name: mixamorig:LeftHandThumb2
  m_TagString: Untagged
  m_Icon: {fileID: 0}
  m_NavMeshLayer: 0
  m_StaticEditorFlags: 0
  m_IsActive: 1
--- !u!4 &319653161942688103
Transform:
  m_ObjectHideFlags: 0
  m_CorrespondingSourceObject: {fileID: 0}
  m_PrefabInstance: {fileID: 0}
  m_PrefabAsset: {fileID: 0}
  m_GameObject: {fileID: 4795148852562568477}
  m_LocalRotation: {x: 0.17979163, y: 1.1091962e-17, z: -2.027277e-18, w: 0.98370475}
  m_LocalPosition: {x: 0.000562702, y: 0.008701061, z: 0}
  m_LocalScale: {x: 1, y: 1, z: 1}
  m_Children:
  - {fileID: 3092434713520463115}
  m_Father: {fileID: 7112783905777700075}
  m_RootOrder: 0
  m_LocalEulerAnglesHint: {x: 0, y: 0, z: 0}
--- !u!1 &4899009015725196249
GameObject:
  m_ObjectHideFlags: 0
  m_CorrespondingSourceObject: {fileID: 0}
  m_PrefabInstance: {fileID: 0}
  m_PrefabAsset: {fileID: 0}
  serializedVersion: 6
  m_Component:
  - component: {fileID: 8457114309695878613}
  m_Layer: 0
  m_Name: mixamorig:Head
  m_TagString: Untagged
  m_Icon: {fileID: 0}
  m_NavMeshLayer: 0
  m_StaticEditorFlags: 0
  m_IsActive: 1
--- !u!4 &8457114309695878613
Transform:
  m_ObjectHideFlags: 0
  m_CorrespondingSourceObject: {fileID: 0}
  m_PrefabInstance: {fileID: 0}
  m_PrefabAsset: {fileID: 0}
  m_GameObject: {fileID: 4899009015725196249}
  m_LocalRotation: {x: -6.938894e-18, y: 0, z: -0, w: 1}
  m_LocalPosition: {x: -0, y: 0.004929428, z: 0.006389291}
  m_LocalScale: {x: 1, y: 1, z: 1}
  m_Children:
  - {fileID: 6630701141259759931}
  m_Father: {fileID: 9140031897235823791}
  m_RootOrder: 0
  m_LocalEulerAnglesHint: {x: 0, y: 0, z: 0}
--- !u!1 &5164183949147096073
GameObject:
  m_ObjectHideFlags: 0
  m_CorrespondingSourceObject: {fileID: 0}
  m_PrefabInstance: {fileID: 0}
  m_PrefabAsset: {fileID: 0}
  serializedVersion: 6
  m_Component:
  - component: {fileID: 298098077505265292}
  m_Layer: 0
  m_Name: mixamorig:LeftFoot
  m_TagString: Untagged
  m_Icon: {fileID: 0}
  m_NavMeshLayer: 0
  m_StaticEditorFlags: 0
  m_IsActive: 1
--- !u!4 &298098077505265292
Transform:
  m_ObjectHideFlags: 0
  m_CorrespondingSourceObject: {fileID: 0}
  m_PrefabInstance: {fileID: 0}
  m_PrefabAsset: {fileID: 0}
  m_GameObject: {fileID: 5164183949147096073}
  m_LocalRotation: {x: 0.6084493, y: 0.03288872, z: -0.02525034, w: 0.79250884}
  m_LocalPosition: {x: -0, y: 0.03950324, z: 5.551115e-19}
  m_LocalScale: {x: 1, y: 1, z: 1}
  m_Children:
  - {fileID: 9022682693207257107}
  m_Father: {fileID: 5153593137334281824}
  m_RootOrder: 0
  m_LocalEulerAnglesHint: {x: 0, y: 0, z: 0}
--- !u!1 &5471359939618581918
GameObject:
  m_ObjectHideFlags: 0
  m_CorrespondingSourceObject: {fileID: 0}
  m_PrefabInstance: {fileID: 0}
  m_PrefabAsset: {fileID: 0}
  serializedVersion: 6
  m_Component:
  - component: {fileID: 5413317082615953079}
  m_Layer: 0
  m_Name: mixamorig:RightToe_End
  m_TagString: Untagged
  m_Icon: {fileID: 0}
  m_NavMeshLayer: 0
  m_StaticEditorFlags: 0
  m_IsActive: 1
--- !u!4 &5413317082615953079
Transform:
  m_ObjectHideFlags: 0
  m_CorrespondingSourceObject: {fileID: 0}
  m_PrefabInstance: {fileID: 0}
  m_PrefabAsset: {fileID: 0}
  m_GameObject: {fileID: 5471359939618581918}
  m_LocalRotation: {x: 0, y: -0, z: -0, w: 1}
  m_LocalPosition: {x: -4.440892e-18, y: 0.015031241, z: -1.3877787e-19}
  m_LocalScale: {x: 1, y: 1, z: 1}
  m_Children: []
  m_Father: {fileID: 919335332229469717}
  m_RootOrder: 0
  m_LocalEulerAnglesHint: {x: 0, y: 0, z: 0}
--- !u!1 &5541561422374947068
GameObject:
  m_ObjectHideFlags: 0
  m_CorrespondingSourceObject: {fileID: 0}
  m_PrefabInstance: {fileID: 0}
  m_PrefabAsset: {fileID: 0}
  serializedVersion: 6
  m_Component:
  - component: {fileID: 2063222137340835269}
  m_Layer: 0
  m_Name: mixamorig:LeftToe_End
  m_TagString: Untagged
  m_Icon: {fileID: 0}
  m_NavMeshLayer: 0
  m_StaticEditorFlags: 0
  m_IsActive: 1
--- !u!4 &2063222137340835269
Transform:
  m_ObjectHideFlags: 0
  m_CorrespondingSourceObject: {fileID: 0}
  m_PrefabInstance: {fileID: 0}
  m_PrefabAsset: {fileID: 0}
  m_GameObject: {fileID: 5541561422374947068}
  m_LocalRotation: {x: 0, y: -0, z: -0, w: 1}
  m_LocalPosition: {x: -0, y: 0.014881505, z: -2.7755575e-19}
  m_LocalScale: {x: 1, y: 1, z: 1}
  m_Children: []
  m_Father: {fileID: 9022682693207257107}
  m_RootOrder: 0
  m_LocalEulerAnglesHint: {x: 0, y: 0, z: 0}
--- !u!1 &5715394061897893200
GameObject:
  m_ObjectHideFlags: 0
  m_CorrespondingSourceObject: {fileID: 0}
  m_PrefabInstance: {fileID: 0}
  m_PrefabAsset: {fileID: 0}
  serializedVersion: 6
  m_Component:
  - component: {fileID: 7112783905777700075}
  m_Layer: 0
  m_Name: mixamorig:LeftHandThumb1
  m_TagString: Untagged
  m_Icon: {fileID: 0}
  m_NavMeshLayer: 0
  m_StaticEditorFlags: 0
  m_IsActive: 1
--- !u!4 &7112783905777700075
Transform:
  m_ObjectHideFlags: 0
  m_CorrespondingSourceObject: {fileID: 0}
  m_PrefabInstance: {fileID: 0}
  m_PrefabAsset: {fileID: 0}
  m_GameObject: {fileID: 5715394061897893200}
  m_LocalRotation: {x: 0.1421848, y: -0.05960317, z: -0.38197917, w: 0.91122055}
  m_LocalPosition: {x: 0.007880162, y: 0.0067611006, z: 0.0033135521}
  m_LocalScale: {x: 1, y: 1, z: 1}
  m_Children:
  - {fileID: 319653161942688103}
  m_Father: {fileID: 9117533004478109054}
  m_RootOrder: 1
  m_LocalEulerAnglesHint: {x: 0, y: 0, z: 0}
--- !u!1 &5848389725604005934
GameObject:
  m_ObjectHideFlags: 0
  m_CorrespondingSourceObject: {fileID: 0}
  m_PrefabInstance: {fileID: 0}
  m_PrefabAsset: {fileID: 0}
  serializedVersion: 6
  m_Component:
  - component: {fileID: 3227583711622031041}
  m_Layer: 0
  m_Name: mixamorig:RightFoot
  m_TagString: Untagged
  m_Icon: {fileID: 0}
  m_NavMeshLayer: 0
  m_StaticEditorFlags: 0
  m_IsActive: 1
--- !u!4 &3227583711622031041
Transform:
  m_ObjectHideFlags: 0
  m_CorrespondingSourceObject: {fileID: 0}
  m_PrefabInstance: {fileID: 0}
  m_PrefabAsset: {fileID: 0}
  m_GameObject: {fileID: 5848389725604005934}
  m_LocalRotation: {x: 0.5998509, y: -0.034176543, z: 0.025659084, w: 0.7989697}
  m_LocalPosition: {x: -4.440892e-18, y: 0.039465137, z: 5.551115e-19}
  m_LocalScale: {x: 1, y: 1, z: 1}
  m_Children:
  - {fileID: 919335332229469717}
  m_Father: {fileID: 7546138421435420263}
  m_RootOrder: 0
  m_LocalEulerAnglesHint: {x: 0, y: 0, z: 0}
--- !u!1 &6411289573647900217
GameObject:
  m_ObjectHideFlags: 0
  m_CorrespondingSourceObject: {fileID: 0}
  m_PrefabInstance: {fileID: 0}
  m_PrefabAsset: {fileID: 0}
  serializedVersion: 6
  m_Component:
  - component: {fileID: 6291996986198898720}
  m_Layer: 0
  m_Name: mixamorig:RightHandThumb2
  m_TagString: Untagged
  m_Icon: {fileID: 0}
  m_NavMeshLayer: 0
  m_StaticEditorFlags: 0
  m_IsActive: 1
--- !u!4 &6291996986198898720
Transform:
  m_ObjectHideFlags: 0
  m_CorrespondingSourceObject: {fileID: 0}
  m_PrefabInstance: {fileID: 0}
  m_PrefabAsset: {fileID: 0}
  m_GameObject: {fileID: 6411289573647900217}
  m_LocalRotation: {x: 0.18660167, y: 2.4645211e-17, z: -3.2932856e-17, w: 0.98243564}
  m_LocalPosition: {x: -0.00051423785, y: 0.008615099, z: 0}
  m_LocalScale: {x: 1, y: 1, z: 1}
  m_Children:
  - {fileID: 4572746239287652775}
  m_Father: {fileID: 5873131616279057475}
  m_RootOrder: 0
  m_LocalEulerAnglesHint: {x: 0, y: 0, z: 0}
--- !u!1 &6453761932007910586
GameObject:
  m_ObjectHideFlags: 0
  m_CorrespondingSourceObject: {fileID: 0}
  m_PrefabInstance: {fileID: 0}
  m_PrefabAsset: {fileID: 0}
  serializedVersion: 6
  m_Component:
  - component: {fileID: 3752678502564307129}
  m_Layer: 0
  m_Name: mixamorig:Spine1
  m_TagString: Untagged
  m_Icon: {fileID: 0}
  m_NavMeshLayer: 0
  m_StaticEditorFlags: 0
  m_IsActive: 1
--- !u!4 &3752678502564307129
Transform:
  m_ObjectHideFlags: 0
  m_CorrespondingSourceObject: {fileID: 0}
  m_PrefabInstance: {fileID: 0}
  m_PrefabAsset: {fileID: 0}
  m_GameObject: {fileID: 6453761932007910586}
  m_LocalRotation: {x: 0, y: -0, z: -0, w: 1}
  m_LocalPosition: {x: -0, y: 0.015192162, z: 0}
  m_LocalScale: {x: 1, y: 1, z: 1}
  m_Children:
  - {fileID: 2427287651814969554}
  m_Father: {fileID: 7712851162714256465}
  m_RootOrder: 0
  m_LocalEulerAnglesHint: {x: 0, y: 0, z: 0}
--- !u!1 &6694721062466760082
GameObject:
  m_ObjectHideFlags: 0
  m_CorrespondingSourceObject: {fileID: 0}
  m_PrefabInstance: {fileID: 0}
  m_PrefabAsset: {fileID: 0}
  serializedVersion: 6
  m_Component:
  - component: {fileID: 5683010329175895285}
  m_Layer: 0
  m_Name: mixamorig:LeftHandIndex2
  m_TagString: Untagged
  m_Icon: {fileID: 0}
  m_NavMeshLayer: 0
  m_StaticEditorFlags: 0
  m_IsActive: 1
--- !u!4 &5683010329175895285
Transform:
  m_ObjectHideFlags: 0
  m_CorrespondingSourceObject: {fileID: 0}
  m_PrefabInstance: {fileID: 0}
  m_PrefabAsset: {fileID: 0}
  m_GameObject: {fileID: 6694721062466760082}
  m_LocalRotation: {x: 0.05635394, y: 1.4637801e-17, z: 1.3073666e-17, w: 0.9984109}
  m_LocalPosition: {x: -0.00023494691, y: 0.008864711, z: -3.5527136e-17}
  m_LocalScale: {x: 1, y: 1, z: 1}
  m_Children:
  - {fileID: 4802107574409076358}
  m_Father: {fileID: 3948623441140091729}
  m_RootOrder: 0
  m_LocalEulerAnglesHint: {x: 0, y: 0, z: 0}
--- !u!1 &6837844617779164478
GameObject:
  m_ObjectHideFlags: 0
  m_CorrespondingSourceObject: {fileID: 0}
  m_PrefabInstance: {fileID: 0}
  m_PrefabAsset: {fileID: 0}
  serializedVersion: 6
  m_Component:
  - component: {fileID: 8423481569080415109}
  m_Layer: 0
  m_Name: mixamorig:LeftArm
  m_TagString: Untagged
  m_Icon: {fileID: 0}
  m_NavMeshLayer: 0
  m_StaticEditorFlags: 0
  m_IsActive: 1
--- !u!4 &8423481569080415109
Transform:
  m_ObjectHideFlags: 0
  m_CorrespondingSourceObject: {fileID: 0}
  m_PrefabInstance: {fileID: 0}
  m_PrefabAsset: {fileID: 0}
  m_GameObject: {fileID: 6837844617779164478}
  m_LocalRotation: {x: -0.006063181, y: -0.00006909317, z: 0.011394584, w: 0.99991673}
  m_LocalPosition: {x: 2.220446e-18, y: 0.027329566, z: -3.5527136e-17}
  m_LocalScale: {x: 1, y: 1, z: 1}
  m_Children:
  - {fileID: 4786446008405065284}
  m_Father: {fileID: 373190145253982281}
  m_RootOrder: 0
  m_LocalEulerAnglesHint: {x: 0, y: 0, z: 0}
--- !u!1 &6867025301257436994
GameObject:
  m_ObjectHideFlags: 0
  m_CorrespondingSourceObject: {fileID: 0}
  m_PrefabInstance: {fileID: 0}
  m_PrefabAsset: {fileID: 0}
  serializedVersion: 6
  m_Component:
  - component: {fileID: 515875235809178901}
  m_Layer: 0
  m_Name: mixamorig:RightForeArm
  m_TagString: Untagged
  m_Icon: {fileID: 0}
  m_NavMeshLayer: 0
  m_StaticEditorFlags: 0
  m_IsActive: 1
--- !u!4 &515875235809178901
Transform:
  m_ObjectHideFlags: 0
  m_CorrespondingSourceObject: {fileID: 0}
  m_PrefabInstance: {fileID: 0}
  m_PrefabAsset: {fileID: 0}
  m_GameObject: {fileID: 6867025301257436994}
  m_LocalRotation: {x: -0.019353395, y: -0.0010237731, z: 0.052815106, w: 0.99841624}
  m_LocalPosition: {x: -0, y: 0.03517521, z: -3.5527136e-17}
  m_LocalScale: {x: 1, y: 1, z: 1}
  m_Children:
  - {fileID: 4399510957690732405}
  m_Father: {fileID: 8646390038218809272}
  m_RootOrder: 0
  m_LocalEulerAnglesHint: {x: 0, y: 0, z: 0}
--- !u!1 &6925059519576906721
GameObject:
  m_ObjectHideFlags: 0
  m_CorrespondingSourceObject: {fileID: 0}
  m_PrefabInstance: {fileID: 0}
  m_PrefabAsset: {fileID: 0}
  serializedVersion: 6
  m_Component:
  - component: {fileID: 874289273123205286}
  m_Layer: 0
  m_Name: mixamorig:LeftHandThumb4
  m_TagString: Untagged
  m_Icon: {fileID: 0}
  m_NavMeshLayer: 0
  m_StaticEditorFlags: 0
  m_IsActive: 1
--- !u!4 &874289273123205286
Transform:
  m_ObjectHideFlags: 0
  m_CorrespondingSourceObject: {fileID: 0}
  m_PrefabInstance: {fileID: 0}
  m_PrefabAsset: {fileID: 0}
  m_GameObject: {fileID: 6925059519576906721}
  m_LocalRotation: {x: 0, y: -0, z: -0, w: 1}
  m_LocalPosition: {x: -0.0010013612, y: 0.009090563, z: 0}
  m_LocalScale: {x: 1, y: 1, z: 1}
  m_Children: []
  m_Father: {fileID: 3092434713520463115}
  m_RootOrder: 0
  m_LocalEulerAnglesHint: {x: 0, y: 0, z: 0}
--- !u!1 &7450287643927227893
GameObject:
  m_ObjectHideFlags: 0
  m_CorrespondingSourceObject: {fileID: 0}
  m_PrefabInstance: {fileID: 0}
  m_PrefabAsset: {fileID: 0}
  serializedVersion: 6
  m_Component:
  - component: {fileID: 7546138421435420263}
  m_Layer: 0
  m_Name: mixamorig:RightLeg
  m_TagString: Untagged
  m_Icon: {fileID: 0}
  m_NavMeshLayer: 0
  m_StaticEditorFlags: 0
  m_IsActive: 1
--- !u!4 &7546138421435420263
Transform:
  m_ObjectHideFlags: 0
  m_CorrespondingSourceObject: {fileID: 0}
  m_PrefabInstance: {fileID: 0}
  m_PrefabAsset: {fileID: 0}
  m_GameObject: {fileID: 7450287643927227893}
  m_LocalRotation: {x: -0.04724042, y: 0.0027275847, z: -0.057577796, w: 0.99721897}
  m_LocalPosition: {x: -0, y: 0.039422262, z: 1.110223e-18}
  m_LocalScale: {x: 1, y: 1, z: 1}
  m_Children:
  - {fileID: 3227583711622031041}
  m_Father: {fileID: 6189323910327267581}
  m_RootOrder: 0
  m_LocalEulerAnglesHint: {x: 0, y: 0, z: 0}
--- !u!1 &7528107401927586869
GameObject:
  m_ObjectHideFlags: 0
  m_CorrespondingSourceObject: {fileID: 0}
  m_PrefabInstance: {fileID: 0}
  m_PrefabAsset: {fileID: 0}
  serializedVersion: 6
  m_Component:
  - component: {fileID: 4421211162676658093}
  - component: {fileID: 6633755172526533674}
  m_Layer: 0
  m_Name: RatBody
  m_TagString: Untagged
  m_Icon: {fileID: 0}
  m_NavMeshLayer: 0
  m_StaticEditorFlags: 0
  m_IsActive: 1
--- !u!4 &4421211162676658093
Transform:
  m_ObjectHideFlags: 0
  m_CorrespondingSourceObject: {fileID: 0}
  m_PrefabInstance: {fileID: 0}
  m_PrefabAsset: {fileID: 0}
  m_GameObject: {fileID: 7528107401927586869}
  m_LocalRotation: {x: 0, y: -0, z: -0, w: 1}
  m_LocalPosition: {x: -0, y: 0, z: 0}
  m_LocalScale: {x: 1, y: 1, z: 1}
  m_Children: []
  m_Father: {fileID: 2535850255678613334}
  m_RootOrder: 1
  m_LocalEulerAnglesHint: {x: 0, y: 0, z: 0}
--- !u!137 &6633755172526533674
SkinnedMeshRenderer:
  m_ObjectHideFlags: 0
  m_CorrespondingSourceObject: {fileID: 0}
  m_PrefabInstance: {fileID: 0}
  m_PrefabAsset: {fileID: 0}
  m_GameObject: {fileID: 7528107401927586869}
  m_Enabled: 1
  m_CastShadows: 1
  m_ReceiveShadows: 1
  m_DynamicOccludee: 1
  m_MotionVectors: 1
  m_LightProbeUsage: 1
  m_ReflectionProbeUsage: 1
  m_RayTracingMode: 0
  m_RenderingLayerMask: 1
  m_RendererPriority: 0
  m_Materials:
  - {fileID: 2100000, guid: 5f210f28ac8aea34f90623194e3a0009, type: 2}
  m_StaticBatchInfo:
    firstSubMesh: 0
    subMeshCount: 0
  m_StaticBatchRoot: {fileID: 0}
  m_ProbeAnchor: {fileID: 0}
  m_LightProbeVolumeOverride: {fileID: 0}
  m_ScaleInLightmap: 1
  m_ReceiveGI: 1
  m_PreserveUVs: 0
  m_IgnoreNormalsForChartDetection: 0
  m_ImportantGI: 0
  m_StitchLightmapSeams: 1
  m_SelectedEditorRenderState: 3
  m_MinimumChartSize: 4
  m_AutoUVMaxDistance: 0.5
  m_AutoUVMaxAngle: 89
  m_LightmapParameters: {fileID: 0}
  m_SortingLayerID: 0
  m_SortingLayer: 0
  m_SortingOrder: 0
  serializedVersion: 2
  m_Quality: 0
  m_UpdateWhenOffscreen: 0
  m_SkinnedMotionVectors: 1
  m_Mesh: {fileID: 6701360494988480543, guid: 5e3a08858dddf1540a94058312ccf9be, type: 3}
  m_Bones:
  - {fileID: 8457114309695878613}
  - {fileID: 9140031897235823791}
  - {fileID: 919335332229469717}
  - {fileID: 3227583711622031041}
  - {fileID: 2427287651814969554}
  - {fileID: 5082087864538298656}
  - {fileID: 3752678502564307129}
  - {fileID: 7546138421435420263}
  - {fileID: 6291996986198898720}
  - {fileID: 4572746239287652775}
  - {fileID: 8646390038218809272}
  - {fileID: 522408536583962302}
  - {fileID: 6189323910327267581}
  - {fileID: 8025824187916535746}
  - {fileID: 4399510957690732405}
  - {fileID: 5873131616279057475}
  - {fileID: 1681030688145111222}
  - {fileID: 7063579408423570431}
  - {fileID: 6169586844693562907}
  - {fileID: 515875235809178901}
  - {fileID: 7712851162714256465}
  - {fileID: 298098077505265292}
  - {fileID: 9022682693207257107}
  - {fileID: 373190145253982281}
  - {fileID: 5153593137334281824}
  - {fileID: 319653161942688103}
  - {fileID: 3092434713520463115}
  - {fileID: 8423481569080415109}
  - {fileID: 9117533004478109054}
  - {fileID: 7112783905777700075}
  - {fileID: 5683010329175895285}
  - {fileID: 4802107574409076358}
  - {fileID: 4786446008405065284}
  - {fileID: 3948623441140091729}
  m_BlendShapeWeights: []
  m_RootBone: {fileID: 8025824187916535746}
  m_AABB:
    m_Center: {x: -0.0000073090196, y: -0.00010224804, z: 0.02985886}
    m_Extent: {x: 0.15123081, y: 0.11849749, z: 0.060095966}
  m_DirtyAABB: 0
--- !u!1 &7669273578911907424
GameObject:
  m_ObjectHideFlags: 0
  m_CorrespondingSourceObject: {fileID: 0}
  m_PrefabInstance: {fileID: 0}
  m_PrefabAsset: {fileID: 0}
  serializedVersion: 6
  m_Component:
  - component: {fileID: 2427287651814969554}
  m_Layer: 0
  m_Name: mixamorig:Spine2
  m_TagString: Untagged
  m_Icon: {fileID: 0}
  m_NavMeshLayer: 0
  m_StaticEditorFlags: 0
  m_IsActive: 1
--- !u!4 &2427287651814969554
Transform:
  m_ObjectHideFlags: 0
  m_CorrespondingSourceObject: {fileID: 0}
  m_PrefabInstance: {fileID: 0}
  m_PrefabAsset: {fileID: 0}
  m_GameObject: {fileID: 7669273578911907424}
  m_LocalRotation: {x: 0, y: -0, z: -0, w: 1}
  m_LocalPosition: {x: -0, y: 0.017362457, z: 0}
  m_LocalScale: {x: 1, y: 1, z: 1}
  m_Children:
  - {fileID: 373190145253982281}
  - {fileID: 9140031897235823791}
  - {fileID: 5082087864538298656}
  m_Father: {fileID: 3752678502564307129}
  m_RootOrder: 0
  m_LocalEulerAnglesHint: {x: 0, y: 0, z: 0}
--- !u!1 &8069969617930211883
GameObject:
  m_ObjectHideFlags: 0
  m_CorrespondingSourceObject: {fileID: 0}
  m_PrefabInstance: {fileID: 0}
  m_PrefabAsset: {fileID: 0}
  serializedVersion: 6
  m_Component:
  - component: {fileID: 5873131616279057475}
  m_Layer: 0
  m_Name: mixamorig:RightHandThumb1
  m_TagString: Untagged
  m_Icon: {fileID: 0}
  m_NavMeshLayer: 0
  m_StaticEditorFlags: 0
  m_IsActive: 1
--- !u!4 &5873131616279057475
Transform:
  m_ObjectHideFlags: 0
  m_CorrespondingSourceObject: {fileID: 0}
  m_PrefabInstance: {fileID: 0}
  m_PrefabAsset: {fileID: 0}
  m_GameObject: {fileID: 8069969617930211883}
  m_LocalRotation: {x: 0.14560083, y: 0.06168881, z: 0.38520613, w: 0.9091816}
  m_LocalPosition: {x: -0.0077966885, y: 0.006654633, z: 0.003362924}
  m_LocalScale: {x: 1, y: 1, z: 1}
  m_Children:
  - {fileID: 6291996986198898720}
  m_Father: {fileID: 4399510957690732405}
  m_RootOrder: 1
  m_LocalEulerAnglesHint: {x: 0, y: 0, z: 0}
--- !u!1 &8183420826981037110
GameObject:
  m_ObjectHideFlags: 0
  m_CorrespondingSourceObject: {fileID: 0}
  m_PrefabInstance: {fileID: 0}
  m_PrefabAsset: {fileID: 0}
  serializedVersion: 6
  m_Component:
  - component: {fileID: 6189323910327267581}
  m_Layer: 0
  m_Name: mixamorig:RightUpLeg
  m_TagString: Untagged
  m_Icon: {fileID: 0}
  m_NavMeshLayer: 0
  m_StaticEditorFlags: 0
  m_IsActive: 1
--- !u!4 &6189323910327267581
Transform:
  m_ObjectHideFlags: 0
  m_CorrespondingSourceObject: {fileID: 0}
  m_PrefabInstance: {fileID: 0}
  m_PrefabAsset: {fileID: 0}
  m_GameObject: {fileID: 8183420826981037110}
  m_LocalRotation: {x: 0.0015062623, y: 0.01559547, z: 0.99524605, w: -0.09612417}
  m_LocalPosition: {x: 0.01618972, y: -0.0072261235, z: 0.00057507306}
  m_LocalScale: {x: 1, y: 1, z: 1}
  m_Children:
  - {fileID: 7546138421435420263}
  m_Father: {fileID: 8025824187916535746}
  m_RootOrder: 1
  m_LocalEulerAnglesHint: {x: 0, y: 0, z: 0}
